/home/chammika/theChest/theCrypt/articles/library.bib